<?xml version="1.0" encoding="UTF-8"?><collection xmlns="http://www.loc.gov/MARC21/slim"><record><leader>00470nam--2200145-i-4500</leader><controlfield tag="001">000008886</controlfield><controlfield tag="002">20161230</controlfield><controlfield tag="005">20170222151135</controlfield><controlfield tag="008">060222s1000------------r-----000-0-eng-d</controlfield><datafield ind1=" " ind2=" " tag="100"><subfield code="a">Dyment, J</subfield></datafield><datafield ind1=" " ind2=" " tag="245"><subfield code="a">The penetration of glass fibre media by aerosod as a function of particle size and gas velocity. Part.1: non-radioactive aerosols</subfield></datafield><datafield ind1=" " ind2=" " tag="260"><subfield code="a">Aldermaston, Berks</subfield><subfield code="b">U.K.A.E.A</subfield><subfield code="c">1969</subfield></datafield><datafield ind1=" " ind2=" " tag="300"><subfield code="a">33 p</subfield></datafield><datafield ind1=" " ind2=" " tag="852"><subfield code="a">628.511-733:541.182.2</subfield></datafield><datafield ind1=" " ind2=" " tag="CAT"><subfield code="a">SYS</subfield><subfield code="c">20170222</subfield><subfield code="h">151135</subfield></datafield></record></collection>